Untuk setiap referensi, baris pertama (newton1687) merupakan label dan baris-baris berikutnya
merupakan atribut dari referensi yang akan digunakan. Umumnya, format referensi berikut sudah
disediakan oleh penyedia sumber referensi secara online dan bisa langsung ditaruh di sini.

Lihat https://www.bibtex.com/g/bibtex-format/ untuk informasi lebih lanjut mengenai format
BibTex yang digunakan pada file ini.

parencite

@article{Cheung2010,
  title = {Diabetic retinopathy},
  volume = {376},
  ISSN = {0140-6736},
  url = {http://dx.doi.org/10.1016/S0140-6736(09)62124-3},
  DOI = {10.1016/s0140-6736(09)62124-3},
  number = {9735},
  journal = {The Lancet},
  publisher = {Elsevier BV},
  author = {Cheung,  Ning and Mitchell,  Paul and Wong,  Tien Yin},
  year = {2010},
  month = jul,
  pages = {124–136}
}

@incollection{jaeger1855,
  author    = {Eduard Jaeger},
  title     = {Beiträge zur Pathologie des Auges},
  booktitle = {In: [Journal or Collection Title]},
  year      = {1855},
  location  = {Vienna, Austria},
  pages     = {33},
}

@book{1989,
  title = {Diabetes Its Medical and Cultural History: Outlines — Texts — Bibliography},
  ISBN = {9783642483646},
  url = {http://dx.doi.org/10.1007/978-3-642-48364-6},
  DOI = {10.1007/978-3-642-48364-6},
  publisher = {Springer Berlin Heidelberg},
  year = {1989}
}
@article{fong2004diabetic,
  title={Retinopathy in diabetes},
  author={Fong, D. S. and Aiello, L. and Gardner, T. W. and King, G. L. and Blankenship, G. and Cavallerano, J. D. and Ferris, F. L. and Klein, R.},
  journal={Diabetes Care},
  volume={27},
  number={suppl 1},
  pages={s84--s87},
  year={2004},
  publisher={American Diabetes Association},
  doi={10.2337/diacare.27.2007.S84}
}

@article{aiello1998diabetic,
  title={Diabetic retinopathy},
  author={Aiello, L. P. and Gardner, T. W. and King, G. L. and Blankenship, G. and Cavallerano, J. D. and Ferris, F. L. and Klein, R.},
  journal={Diabetes Care},
  volume={21},
  number={1},
  pages={143--156},
  year={1998},
  publisher={American Diabetes Association},
  doi={10.2337/diacare.21.1.143}
}

@article{king1998diabetes,
  title={Global burden of diabetes, 1995-2025: prevalence, numerical estimates, and projections},
  author={King, H. and Aubert, R. E. and Herman, W. H.},
  journal={Diabetes Care},
  volume={21},
  number={9},
  pages={1414--1431},
  year={1998},
  publisher={American Diabetes Association},
  doi={10.2337/diacare.21.9.1414}
}

@article{antonetti2012diabetic,
  title={Diabetic retinopathy},
  author={Antonetti, D. A. and Klein, R. and Gardner, T. W.},
  journal={New England Journal of Medicine},
  volume={366},
  number={13},
  pages={1227--1239},
  year={2012},
  publisher={Massachusetts Medical Society},
  doi={10.1056/NEJMra1005073}
}

@article{browning2008optical,
  title={Comparison of the clinical diagnosis of diabetic macular edema with diagnosis by optical coherence tomography},
  author={Browning, D. J. and McOwen, M. D. and Bowen, R. M. and O'Marah, T. L.},
  journal={Ophthalmology},
  volume={115},
  number={9},
  pages={1540--1546},
  year={2008},
  publisher={Elsevier},
  doi={10.1016/j.ophtha.2008.04.019}
}

@article{ciulla2003intravitreal,
  title={Diabetic retinopathy and diabetic macular edema: pathophysiology, screening, and novel therapies},
  author={Ciulla, T. A. and Amador, A. G. and Zinman, B.},
  journal={Diabetes Care},
  volume={26},
  number={9},
  pages={2653--2664},
  year={2003},
  publisher={American Diabetes Association},
  doi={10.2337/diacare.26.9.2653}
}
@article{jia2012split,
  title={Split-spectrum amplitude-decorrelation angiography with optical coherence tomography},
  author={Jia, Yali and Tan, Orest and Tokayer, Jason and Potsaid, Benjamin and Wang, Yuting and Liu, Jonathan J and Kraus, Marc F and Subhash, Hero and Fujimoto, James G and Hornegger, Joachim and others},
  journal={Optics Express},
  volume={20},
  number={4},
  pages={4710--4725},
  year={2012},
  publisher={Optica Publishing Group},
  doi={10.1364/OE.20.004710}
}

@article{spaide2018choriocapillaris,
  title={Optical coherence tomography angiography of the choriocapillaris},
  author={Spaide, Richard F and Fujimoto, James G},
  journal={American Journal of Ophthalmology},
  volume={187},
  pages={66--75},
  year={2018},
  publisher={Elsevier},
  doi={10.1016/j.ajo.2017.12.010}
}

@article{de2016optical,
  title={A review of optical coherence tomography angiography (OCTA)},
  author={De Carlo, Talisa E and Romano, Anthony and Waheed, Nadia K and Duker, Jay S},
  journal={International Journal of Retina and Vitreous},
  volume={2},
  number={1},
  pages={1-15},
  year={2016},
  publisher={Springer},
  doi={10.1186/s40942-016-0055-4}
}

@article{spaide2018retinal,
  title={Optical coherence tomography angiography: a comprehensive review},
  author={Spaide, Richard F and Fujimoto, James G and Waheed, Nadia K},
  journal={Ophthalmology},
  volume={125},
  number={11},
  pages={1851--1862},
  year={2018},
  publisher={Elsevier},
  doi={10.1016/j.ophtha.2018.05.056}
}

@inproceedings{selvaraju2017grad,
  title={Grad-CAM: Visual Explanations from Deep Networks via Gradient-based Localization},
  author={Selvaraju, Ramprasaath R and Cogswell, Michael and Das, Abhishek and Vedantam, Ramakrishna and Parikh, Devi and Batra, Dhruv},
  booktitle={Proceedings of the IEEE International Conference on Computer Vision (ICCV)},
  pages={618--626},
  year={2017}
}

@article{Yusran2022,
  author    = {M. Yusran},
  title     = {Kecerdasan Buatan dalam Diagnosis Retinopati Diabetik},
  journal   = {Jurnal Kedokteran Universitas Lampung},
  year      = {2022},
  volume    = {6},
  number    = {1},
  pages     = {},
  doi       = {https://doi.org/10.23960/jkunila6116-20},
}

@inproceedings{zhang2022residual,
  title={Classification of Diabetic Retinopathy Based on B-ResNet},
  author={Zhang, Qing and Li, Jun and Liang, Xiaoyu and Zhang, Jiaqi and Wei, Xu},
  booktitle={2022 7th IEEE International Conference on Data Science in Cyberspace (DSC)},
  pages={},
  year={2022},
  organization={IEEE}
}

@article{diacare,
  author = {Fong, Donald S. and Aiello, Lloyd and Gardner, Thomas W. and King, George L. and Blankenship, George and Cavallerano, Jerry D. and Ferris, Fredrick L., III and Klein},
  title = {Retinopathy in Diabetes},
  journal = {Diabetes Care},
  volume = {27},
  number = {1},
  pages = {s84-s87},
  year = {2004},
  month = {01},
  issn = {0149-5992},
  doi = {10.2337/diacare.27.2007.S84}
}

@ARTICLE{2015Natur.521..436L,
  author = {LeCun, Yann and Bengio, Yoshua and Hinton, Geoffrey},
  title = {Deep learning},
  journal = {\nat},
  year = 2015,
  month = may,
  volume = {521},
  number = {7553},
  pages = {436-444},
  doi = {10.1038/nature14539}
}

@ARTICLE{Kashani2017-hn,
  title     = "Optical coherence tomography angiography: A comprehensive review
               of current methods and clinical applications",
  author    = "Kashani, Amir H and Chen, Chieh-Li and Gahm, Jin K and Zheng,
               Fang and Richter, Grace M and Rosenfeld, Philip J and Shi,
               Yonggang and Wang, Ruikang K",
  journal   = "Prog. Retin. Eye Res.",
  publisher = "Elsevier BV",
  volume    =  60,
  pages     = "66--100",
  month     =  sep,
  year      =  2017,
  language  = "en"
}


@INPROCEEDINGS{10335079,
  author={Abini, M.A. and Priya, S. Sridevi Sathya},
  booktitle={2023 9th International Conference on Smart Computing and Communications (ICSCC)}, 
  title={A Deep Learning Framework for Detection and Classification of Diabetic Retinopathy in Fundus Images Using Residual Neural Networks}, 
  year={2023},
  volume={},
  number={},
  pages={55-60},
  doi={10.1109/ICSCC59169.2023.10335079}
}

@article{AstutiSamsuryadi2018,
  title={Kajian Pengenalan Ekspresi Wajah menggunakan Metode PCA dan CNN},
  author={Astuti, D. L. Z. and Samsuryadi},
  journal={Annual Research Seminar of the Faculty of Computer Science},
  volume={4},
  number={1},
  pages={293--297},
  year={2018}
}

@inproceedings{He2016,
  title={Deep Residual Learning for Image Recognition},
  author={He, Kaiming and Zhang, Xiangyu and Ren, Shaoqing and Sun, Jian},
  booktitle={Proceedings of the IEEE conference on computer vision and pattern recognition},
  pages={770--778},
  year={2016}
}

@dataset{drac_challenge_2023_10280359,
  author       = {DRAC Challenge},
  title        = {Diabetic Retinopathy Analysis Challenge Dataset},
  month        = dec,
  year         = 2023,
  publisher    = {Zenodo},
  doi          = {10.5281/zenodo.10280359},
  url          = {https://doi.org/10.5281/zenodo.10280359}
}

﻿@Article{Qian2024,
author={Qian, Bo
and Chen, Hao
and Wang, Xiangning
and Guan, Zhouyu
and Li, Tingyao
and Jin, Yixiao
and Wu, Yilan
and Wen, Yang
and Che, Haoxuan
and Kwon, Gitaek
and Kim, Jaeyoung
and Choi, Sungjin
and Shin, Seoyoung
and Krause, Felix
and Unterdechler, Markus
and Hou, Junlin
and Feng, Rui
and Li, Yihao
and El Habib Daho, Mostafa
and Yang, Dawei
and Wu, Qiang
and Zhang, Ping
and Yang, Xiaokang
and Cai, Yiyu
and Tan, Gavin Siew Wei
and Cheung, Carol Y.
and Jia, Weiping
and Li, Huating
and Tham, Yih Chung
and Wong, Tien Yin
and Sheng, Bin},
title={DRAC 2022: A public benchmark for diabetic retinopathy analysis on ultra-wide optical coherence tomography angiography images},
journal={Patterns},
year={2024},
month={Mar},
day={08},
publisher={Elsevier},
volume={5},
number={3},
issn={2666-3899},
doi={10.1016/j.patter.2024.100929},
url={https://doi.org/10.1016/j.patter.2024.100929}
}